
@book{beck_first-order_nodate,
	series = {{MOS}-{SIAM} {Series} in {Optimization}},
	title = {First-{Order} {Methods} in {Optimization} {\textbar} {SIAM} {Publications} {Library}},
	isbn = {978-1-61197-498-0},
	url = {https://epubs.siam.org/doi/book/10.1137/1.9781611974997},
	language = {en},
	urldate = {2023-10-19},
	publisher = {SIAM},
	author = {Beck, Amir},
	keywords = {Optimization, Numerical Optimization, Non-smooth Optimization, First-order Methods},
	file = {First-Order Methods in Optimization  SIAM Publication.pdf:/Users/hongdali/Zotero/storage/P2HFAVVQ/First-Order Methods in Optimization  SIAM Publication.pdf:application/pdf;Snapshot:/Users/hongdali/Zotero/storage/88BHKZ6Y/1.html:text/html},
}
